<?xml version="1.0" encoding="UTF-8"?><collection xmlns="http://www.loc.gov/MARC21/slim"><record><leader>00420nam--2200121-i-4500</leader><controlfield tag="001">000001995</controlfield><controlfield tag="002">20161230</controlfield><controlfield tag="005">20161230201024</controlfield><controlfield tag="008">060222s1000------------r-----000-0-eng-d</controlfield><datafield ind1=" " ind2=" " tag="245"><subfield code="a">Erweiterted i, x-diagramm nach mollier zum gebrauch in der klimatechnik.barometerstand 735,5 mm qs.bearbeitet von laakso, h.und reinders, h</subfield></datafield><datafield ind1=" " ind2=" " tag="260"><subfield code="a">Dusseldorf, Vdi-verlag Gmbh, 1958</subfield></datafield><datafield ind1=" " ind2=" " tag="490"><subfield code="a">Bestellnumer Vdi 02080 735</subfield></datafield><datafield ind1=" " ind2=" " tag="852"><subfield code="a">15211</subfield></datafield></record></collection>